<?xml version="1.0"?>
<marc:collection xmlns:marc="http://www.loc.gov/MARC21/slim" xmlns:xsi="http://www.w3.org/2001/XMLSchema-instance" xsi:schemaLocation="http://www.loc.gov/MARC21/slim http://www.loc.gov/standards/marcxml/schema/MARC21slim.xsd">
   <marc:record type="Bibliographic">
      <marc:leader>01227cam a2200337 a 4500</marc:leader>
      <marc:controlfield tag="001">2759561</marc:controlfield>
      <marc:controlfield tag="003">NjP</marc:controlfield>
      <marc:controlfield tag="005">20130624101732.0</marc:controlfield>
      <marc:controlfield tag="008">901004s1970    iq       b    000 0 arard</marc:controlfield>
      <marc:datafield tag="024" ind1="7" ind2=" ">
         <marc:subfield code="a">princeton_aco000127</marc:subfield>
         <marc:subfield code="2">local</marc:subfield>
      </marc:datafield>
      <marc:datafield tag="035" ind1=" " ind2=" ">
         <marc:subfield code="a">(OCoLC)ocn178279317</marc:subfield>
      </marc:datafield>
      <marc:datafield tag="035" ind1=" " ind2=" ">
         <marc:subfield code="a">(OCoLC)ocm22467390</marc:subfield>
      </marc:datafield>
      <marc:datafield tag="040" ind1=" " ind2=" ">
         <marc:subfield code="a">IXA</marc:subfield>
         <marc:subfield code="c">PUL</marc:subfield>
         <marc:subfield code="d">PUL</marc:subfield>
      </marc:datafield>
      <marc:datafield tag="035" ind1=" " ind2=" ">
         <marc:subfield code="a">(OCoLC)178279317</marc:subfield>
      </marc:datafield>
      <marc:datafield tag="035" ind1=" " ind2=" ">
         <marc:subfield code="9">CNF3818TS</marc:subfield>
      </marc:datafield>
      <marc:datafield tag="035" ind1=" " ind2=" ">
         <marc:subfield code="a">(NjP)2759561</marc:subfield>
      </marc:datafield>
      <marc:datafield tag="079" ind1=" " ind2=" ">
         <marc:subfield code="a">ocm22467390</marc:subfield>
         <marc:subfield code="z">ocm33109453</marc:subfield>
      </marc:datafield>
      <marc:datafield tag="049" ind1=" " ind2=" ">
         <marc:subfield code="a">PULL</marc:subfield>
      </marc:datafield>
      <marc:datafield tag="100" ind1="1" ind2=" ">
         <marc:subfield code="6">880-01</marc:subfield>
         <marc:subfield code="a">Sallu&#x304;m, Da&#x304;&#x2BC;u&#x304;d.</marc:subfield>
      </marc:datafield>
      <marc:datafield tag="245" ind1="1" ind2="3">
         <marc:subfield code="6">880-02</marc:subfield>
         <marc:subfield code="a">al-Naqd al-&#x2BB;Arabi&#x304; al-qadi&#x304;m :</marc:subfield>
         <marc:subfield code="b">bayna al-istiqra&#x304;r wa-al-ta&#x2BC;li&#x304;f /</marc:subfield>
         <marc:subfield code="c">ta&#x2BC;li&#x304;f Da&#x304;&#x2BC;u&#x304;d Sallu&#x304;m.</marc:subfield>
      </marc:datafield>
      <marc:datafield tag="250" ind1=" " ind2=" ">
         <marc:subfield code="6">880-03</marc:subfield>
         <marc:subfield code="a">al-T&#x323;ab&#x2BB;ah 2.</marc:subfield>
      </marc:datafield>
      <marc:datafield tag="260" ind1=" " ind2=" ">
         <marc:subfield code="6">880-04</marc:subfield>
         <marc:subfield code="a">Baghda&#x304;d :</marc:subfield>
         <marc:subfield code="b">Maktabat al-Andalus,</marc:subfield>
         <marc:subfield code="c">1970.</marc:subfield>
      </marc:datafield>
      <marc:datafield tag="300" ind1=" " ind2=" ">
         <marc:subfield code="a">344 p. ;</marc:subfield>
         <marc:subfield code="c">24 cm.</marc:subfield>
      </marc:datafield>
      <marc:datafield tag="504" ind1=" " ind2=" ">
         <marc:subfield code="a">Includes bibliographical references (p. 277-341).</marc:subfield>
      </marc:datafield>
      <marc:datafield tag="650" ind1=" " ind2="0">
         <marc:subfield code="a">Arabic literature</marc:subfield>
         <marc:subfield code="x">History and criticism.</marc:subfield>
      </marc:datafield>
      <marc:datafield tag="650" ind1=" " ind2="0">
         <marc:subfield code="a">Criticism.</marc:subfield>
      </marc:datafield>
      <marc:datafield tag="880" ind1="1" ind2=" ">
         <marc:subfield code="6">100-01/r</marc:subfield>
         <marc:subfield code="a">&#x633;&#x644;&#x648;&#x645;&#x60C; &#x62F;&#x627;&#x624;&#x648;&#x62F;.</marc:subfield>
      </marc:datafield>
      <marc:datafield tag="880" ind1="1" ind2="2">
         <marc:subfield code="6">245-02/r</marc:subfield>
         <marc:subfield code="a">&#x627;&#x644;&#x646;&#x642;&#x62F; &#x627;&#x644;&#x639;&#x631;&#x628;&#x64A; &#x627;&#x644;&#x642;&#x62F;&#x64A;&#x645; :</marc:subfield>
         <marc:subfield code="b">&#x628;&#x64A;&#x646; &#x627;&#x644;&#x627;&#x633;&#x62A;&#x642;&#x631;&#x627;&#x631; &#x648; &#x627;&#x644;&#x62A;&#x623;&#x644;&#x64A;&#x641; /</marc:subfield>
         <marc:subfield code="c">&#x62A;&#x623;&#x644;&#x64A;&#x641; &#x62F;&#x627;&#x624;&#x648;&#x62F; &#x633;&#x644;&#x648;&#x645;.</marc:subfield>
      </marc:datafield>
      <marc:datafield tag="880" ind1=" " ind2=" ">
         <marc:subfield code="6">250-03/r</marc:subfield>
         <marc:subfield code="a">&#x627;&#x644;&#x637;&#x628;&#x639;&#x629; 2.</marc:subfield>
      </marc:datafield>
      <marc:datafield tag="880" ind1=" " ind2=" ">
         <marc:subfield code="6">260-04/r</marc:subfield>
         <marc:subfield code="a">&#x628;&#x63A;&#x62F;&#x627;&#x62F; :</marc:subfield>
         <marc:subfield code="b">&#x645;&#x643;&#x62A;&#x628;&#x629; &#x627;&#x644;&#x627;&#x646;&#x62F;&#x644;&#x633;&#x60C;</marc:subfield>
         <marc:subfield code="c">1970.</marc:subfield>
      </marc:datafield>
      <marc:datafield tag="911" ind1=" " ind2=" ">
         <marc:subfield code="a">20000130</marc:subfield>
      </marc:datafield>
      <marc:datafield tag="994" ind1=" " ind2=" ">
         <marc:subfield code="a">C0</marc:subfield>
         <marc:subfield code="b">PUL</marc:subfield>
      </marc:datafield>
      <marc:datafield tag="999" ind1=" " ind2=" ">
         <marc:subfield code="a">2759561</marc:subfield>
      </marc:datafield>
   </marc:record>
</marc:collection>
